@misc{國籍之歸化取得人數,
     title     = {國籍之歸化取得人數},
     author    = {內政部戶政司},
     url       = {http://sowf.moi.gov.tw/stat/year/y02-06.xls},
     }
@BOOK{臺灣原住民史李壬癸,
     author    = {李壬癸},
     title     = {臺灣原住民史－語言篇},
     publisher = {臺灣省文獻委員會},
     year      =  {1999},
     address   = {},
     edition   = {},
}
@book{Ethnologue,
    author = {Lewis, M. Paul, Gary F. Simons, and Charles D. Fennig (eds.)}, 
    title = {Ethnologue: Languages of the World},
    edition = {Seventeenth},
    year = {2014}, 
    publisher = {Dallas, Texas: SIL International},
	url = {http://www.ethnologue.com}
	}
@online{中研院民族所數位典藏大肚番王傳奇,
      title  = {中研院民族所數位典藏},
      author = {平埔文化資訊網},
      url    = {http://www.ianthro.tw/p/64},
      year   = {},
    }
@CONFERENCE{外省族群的母語與國語, 
    author = {何萬順，2008年}, 
    title = {滅絕與新生：從多語言文化看外省族群的母語與國語}, 
    booktitle = {東吳大學外國語文學院 2008 年校際學術研討會:『多語言文化-教學與研究』(2008.3.29)}, 
    year = {2008}, 
    month = {三月二十九日},  
    pages = {}, 
    location = {},
}
@incollection{洪惟仁閩南語九成有漢字,
     author    = {洪惟仁},
     booktitle = {台語文學與台語文字},
     title     = {台語不是沒有文字，只是漢字不夠用},
     publisher = {前衛出版社},
     year      = {1992},
     page      = {140-142}
	}
@BOOK{閩客方言史稿,
     author    = {張光宇},
     title     = {閩客方言史稿},
     publisher = {南天書局有限公司},
     year      =  {1996},
     address   = {},
     edition   = {},
}
@incollection{董忠司非漢語初探,
     author    = {董忠司},
     booktitle = {『臺灣閩南語概論』講授資料彙編},
     title     = {早期臺灣語裡的非漢語成分初探},
     publisher = {臺灣語文學會},
     year      = {1996},
     page      = {1-27}
	}
@BOOK{臺灣漢語辭典,
     author    = {許成章},
     title     = {臺灣漢語辭典},
     publisher = {自立晚報},
     year      = {1992},
     address   = {},
     edition   = {},
}

@MANUAL{客話拼音,
      title  = {臺灣客家語羅馬字拼音方案使用手冊},
      author = {教育部},
      url    = {http://www.edu.tw/FileUpload/3653-15592/Documents/hakka_pinyin3.pdf},
      year   = {2012},
    }
@MANUAL{客話辭典,
      title  = {臺灣客家語常用詞辭典},
      author = {教育部},
      url    = {http://hakka.dict.edu.tw/hakkadict/},
      year   = {},
    }
@MANUAL{台甲,
      title  = {甲 (單位) - 維基百科，自由的百科全書},
      author = {},
      url    = {http://zh.wikipedia.org/wiki/%E5%8F%B0%E7%94%B2},
      year   = {},
    }
@inbook{客語外來語,
      title  = {客語外來語 : 含原閩客國(語)互借詞. 四縣腔},
      author = {},
      pages = {94},
      publisher  = {客委會},
      year   = {2011},
      edition = {初版},
	}
@MANUAL{台灣名稱的由來,
      title  = {台灣名稱的由來},
      author = {},
      url    = {http://content.edu.tw/junior/co_tw/ch_yl/city/citaiwan.htm},
      year   = {},
    }
@MANUAL{臺羅拼音,
      title  = {臺灣閩南語羅馬字拼音方案使用手冊},
      author = {教育部},
      url    = {http://www.edu.tw/FileUpload/3677-15601/Documents/tshiutsheh.pdf},
      year   = {2008},
    }
@MANUAL{華、台語注音符號溯源,
      title  = {華、台語注音符號溯源},
      author = {吳守禮},
      url    = {http://olddoc.tmu.edu.tw/chiaushin/marker-0.htm},
    }
    
@MANUAL{臺灣閩南語推薦用字700字表,
      title  = {臺灣閩南語推薦用字700字表},
      author = {教育部},
      url    = {http://olddoc.tmu.edu.tw/chiaushin/marker-0.htm},
    }
@book{荔鏡記戲文研究──校勘篇,
      title  = {荔鏡記戲文研究──校勘篇},
      author = {吳守禮},
      publisher = {從宜編輯室},
      year   = {1961},
    }
@MANUAL{WIKI國際音標,
      title  = {國際音標 - 維基百科，自由的百科全書},
      author = {},
      url    = {http://zh.wikipedia.org/wiki/%E5%9C%8B%E9%9A%9B%E9%9F%B3%E6%A8%99},
    }
@MANUAL{WIKI臺灣語言音標,
      title  = {臺灣語言音標方案 - 維基百科，自由的百科全書},
      author = {},
      url    = {http://zh.wikipedia.org/wiki/%E8%87%BA%E7%81%A3%E8%AA%9E%E8%A8%80%E9%9F%B3%E6%A8%99%E6%96%B9%E6%A1%88},
      year   = {},
    }
@MANUAL{WIKI教會羅馬字,
      title  = {白話字 - 維基百科，自由的百科全書},
      author = {},
      url    = {http://zh.wikipedia.org/wiki/%E7%99%BD%E8%A9%B1%E5%AD%97},
      year   = {},
    }
@article{hsieh2012low,
  title={Low Vowel Raising in Sinitic Languages: Assimilation, Reduction, or Both?},
  author={Hsieh, Feng-fan},
  journal={Language and Linguistics},
  volume={13},
  pages={583--623},
  year={2012}
}
@article{yip1996lexicon,
  title={Lexicon optimization in languages without alternations},
  author={Yip, Moira},
  year={1996},
  publisher={European Studies Research Institute, University of Salford}
}
@book{2010新校互註宋本廣韻,
  title={新校互註宋本廣韻: (定稿本)},
  isbn={9789866178054},
  lccn={2011405491},
  url={http://books.google.com.tw/books?id=R\_0Z\_gAACAAJ},
  year={2010},
  publisher={里仁書局發行}
}
@book{2002廣韻注漳州漢音,
  title={廣韻注漳州漢音},
  isbn={9789868000735},
  url={http://books.google.com.tw/books?id=gW4sQwAACAAJ},
  year={2002},
  publisher={太普公關}
}
@book{de2011course,
  title={Course in general linguistics},
  author={De Saussure, Ferdinand},
  year={2011},
  publisher={Columbia University Press}
}
@BOOK{ChineseNLP,
     author    = {Kam-Fai Wong, Wenji Li, Ruifeng Xu, Zheng-sheng Zhang},
     title     = {Introduction to Chinese Natural Language Processing},
     publisher = {Morgan & Claypool Publishers},
     year      =  {2010},
     address   = {},
     edition   = {},
}

@book{young2006htk,
  title={The HTK book},
  author={Young, Steve and Evermann, Gunnar and Gales, Mark and Hain, Thomas and Kershaw, Dan and Liu, Xunying and Moore, Gareth and Odell, Julian and Ollason, Dave and Povey, Dan and others},
  volume={3.4},
  year={2006},
  publisher={Entropic Cambridge Research Laboratory Cambridge}
}
@MANUAL{HTK網頁,
      title  = {HTK Speech Recognition Toolkit},
      author = {},
      url    = {http://htk.eng.cam.ac.uk/},
      year   = {},
    }    
@inproceedings{hts_zen2007hmm,
  title={The HMM-based speech synthesis system (HTS) version 2.0.},
  author={Zen, Heiga and Nose, Takashi and Masuko, Takashi and Black, Alan W and Tokuda, Keiichi},
  organization={Citeseer}
}
@MANUAL{HTS網頁,
      title  = {Home - HMM-based speech synthesis system (HTS)},
      author = {K. Tokuda, H. Zen, J. Yamagishi, T. Masuko, S. Sako, A.W. Black, and T. Nose,},
      url    = {http://hts.sp.nitech.ac.jp/},
      year   = {},
    }
@INPROCEEDINGS{Kaldi：Povey_ASRU2011,
         author = {Povey, Daniel and Ghoshal, Arnab and Boulianne, Gilles and Burget, Lukas and Glembek, Ondrej and Goel, Nagendra and Hannemann, Mirko and Motlicek, Petr and Qian, Yanmin and Schwarz, Petr and Silovsky, Jan and Stemmer, Georg and Vesely, Karel},
       keywords = {ASR, Automatic Speech Recognition, GMM, HTK, SGMM},
          month = dec,
          title = {The Kaldi Speech Recognition Toolkit},
      booktitle = {IEEE 2011 Workshop on Automatic Speech Recognition and Understanding},
           year = {2011},
      publisher = {IEEE Signal Processing Society},
       location = {Hilton Waikoloa Village, Big Island, Hawaii, US},
           note = {IEEE Catalog No.: CFP11SRW-USB},
}

@INPROCEEDINGS{CKIP論文, 
    author = {Ma, Wei-Yun and Keh-Jiann Chen}, 
    title = {Introduction to {CKIP} Chinese Word Segmentation System for the First International Chinese Word Segmentation Bakeoff}, 
    booktitle = {Proceedings of ACL, Second SIGHAN Workshop on Chinese Language Processing}, 
    year = {2003}, 
    pages = {168-171}, 
    location = {Florida, USA},
}
@INPROCEEDINGS{iunn:利用統計方法及中文訓練資料處理台語文詞性標記,
  AUTHOR = "Un-Gian Iunn and Chia-Hung Tai and Kiat-gak Lau and Keh-Jiann Chen and Cheng Yan Kao",
  TITLE = "利用統計方法及中文訓練資料處理台語文詞性標記 (Modeling Taiwanese POS tagging with statistical methods and Mandarin training data) [In Chinese]",
  BOOKTITLE = "ROCLING'08",
  PAGES = {-1--1},
  YEAR = {2008}, 
}
@INPROCEEDINGS{iunn:台語變調系統實作研究,
  AUTHOR = "Un-Gian Iunn and Sheng-an Li and Kiat-Gak Lau and Cheng-Yan Kao",
  TITLE = "台語變調系統實作研究 (A Study on Implementation of Taiwanese Tone Sandhi System) [In Chinese]",
  BOOKTITLE = "ROCLING'05",
  PAGES = {-1--1},
  YEAR = {2005}, 
}
@MANUAL{台語文語法結構樹建置,
      title  = {台語文語法結構樹建置 研究成果報告},
      author = {楊允言、 張學謙(共同)、 陳克健(協同)},
      organization = {國科會},
      key = {NSC 97-2221-E-122 -004},
      year = {2009},
      url    = {http://www.etpc.org.tw/jspui/handle/10537/19562;jsessionid=4902fc99c8f0245b328eede86732},
    }
@incollection{台語斷詞原則討論,
      author = {曾金金},
      booktitle  = {台灣文學出版物收集、目錄、選讀編輯計畫結案報告說明},
      title  = {台語斷詞原則討論},
      pages = {45-72},
      publisher = {行政院文化建設委員會},
      year = {1997},
      url    = {http://ip194097.ntcu.edu.tw/TG/CompLing/hunsu/hunsu.htm},
    }
@inproceedings{中文到閩南語之線上翻譯及閩南語之語音合成,
      author = {林川傑, 陳信希},
      booktitle  = {數位博物館中之語文處理技術研討匯集刊},
      title  = {中文到閩南語之線上翻譯及閩南語之語音合成．},
      pages = {11.1-11.4},
      address = {南港},
      year = {1999},
      }
@MANUAL{楊允言_台語羅馬字發音試驗系統,
      title  = {台語羅馬字發音試驗系統},
      author = {楊允言、劉杰岳、李盛安},
      year = {2005},
      url    = {http://210.240.194.97/tts/tts.asp},
    }
@article{李雪貞2002客家語語音合成之初步研究,
  title={客家語語音合成之初步研究},
  author={李雪貞},
  year={2002},
  publisher={國立台灣科技大學}
}
@article{陳信宏2008客語文句轉語音及語音辨認之研究,
  title={客語文句轉語音及語音辨認之研究},
  author={陳信宏 and 余秀敏 and 羅烈師 and others},
  year={2008}
}
@article{蔡依玲2010基於隱藏式馬可夫模型之客語文句轉語音系統,
  title={基於隱藏式馬可夫模型之客語文句轉語音系統},
  author={蔡依玲},
  journal={交通大學電信工程系所學位論文},
  pages={1--59},
  year={2010},
  publisher={交通大學}
}

@MANUAL{意傳文化科技,
      title  = {意傳文化科技},
      author = {薛丞宏},
      year = {2013},
      url    = {http://意傳.台灣/},
    }

@article{brown1993mathematics,
  title={The mathematics of statistical machine translation: Parameter estimation},
  author={Brown, Peter F and Pietra, Vincent J Della and Pietra, Stephen A Della and Mercer, Robert L},
  journal={Computational linguistics},
  volume={19},
  number={2},
  pages={263--311},
  year={1993},
  publisher={MIT Press}
}
@article{och2003systematic,
  title={A systematic comparison of various statistical alignment models},
  author={Och, Franz Josef and Ney, Hermann},
  journal={Computational linguistics},
  volume={29},
  number={1},
  pages={19--51},
  year={2003},
  publisher={MIT Press}
}
@inproceedings{gao2008parallel,
  title={Parallel implementations of word alignment tool},
  author={Gao, Qin and Vogel, Stephan},
  booktitle={Software Engineering, Testing, and Quality Assurance for Natural Language Processing},
  pages={49--57},
  year={2008},
  organization={Association for Computational Linguistics}
}
@inproceedings{federico2008irstlm,
  title={IRSTLM: an open source toolkit for handling large scale language models.},
  author={Federico, Marcello and Bertoldi, Nicola and Cettolo, Mauro},
  booktitle={Interspeech},
  pages={1618--1621},
  year={2008}
}
@inproceedings{stolcke2002srilm,
  title={SRILM-an extensible language modeling toolkit.},
  author={Stolcke, Andreas and others},
  booktitle={INTERSPEECH},
  year={2002}
}
@inproceedings{Heafield-estimate,
  author = {Kenneth Heafield and Ivan Pouzyrevsky and Jonathan H. Clark and Philipp Koehn},
  title = {Scalable Modified {Kneser-Ney} Language Model Estimation},
  year = {2013},
  month = {August},
  booktitle = {Proceedings of the 51st Annual Meeting of the Association for Computational Linguistics},
  address = {Sofia, Bulgaria},
  pages = {690--696},
  url = {http://kheafield.com/professional/edinburgh/estimate\_paper.pdf},
}
@inproceedings{Koehn:2007:MOS:1557769.1557821,
 author = {Koehn, Philipp and Hoang, Hieu and Birch, Alexandra and Callison-Burch, Chris and Federico, Marcello and Bertoldi, Nicola and Cowan, Brooke and Shen, Wade and Moran, Christine and Zens, Richard and Dyer, Chris and Bojar, Ond\v{r}ej and Constantin, Alexandra and Herbst, Evan},
 title = {Moses: Open Source Toolkit for Statistical Machine Translation},
 booktitle = {Proceedings of the 45th Annual Meeting of the ACL on Interactive Poster and Demonstration Sessions},
 series = {ACL '07},
 year = {2007},
 location = {Prague, Czech Republic},
 pages = {177--180},
 numpages = {4},
 url = {http://dl.acm.org/citation.cfm?id=1557769.1557821},
 acmid = {1557821},
 publisher = {Association for Computational Linguistics},
 address = {Stroudsburg, PA, USA},
}
@MANUAL{Moses訓練包,
      title  = {Moses - Moses/Baseline},
      url    = {http://www.statmt.org/moses/?n=moses.baseline},
    }
@MANUAL{BLEU程式,
  title = {multi-bleu.perl},
  url = {https://github.com/moses-smt/mosesdecoder/blob/master/scripts/generic/multi-bleu.perl},
}

@inproceedings{zora38464,
       booktitle = {The Ninth Conference of the Association for Machine Translation in the Americas (AMTA 2010)},
           month = {November},
           title = {MT-based sentence alignment for OCR-generated parallel texts
},
          author = {R Sennrich and M Volk},
            year = {2010},
             url = {http://dx.doi.org/10.5167/uzh-38464},
        abstract = {The performance of current sentence alignment tools varies according to the to-be-aligned texts. We have found existing tools unsuitable for hard-to-align parallel texts and describe an alternative alignment algorithm. The basic idea is to use machine translations of a text and BLEU as a similarity score to find reliable alignments which are used as anchor points. The gaps between these anchor points are then filled using BLEU-based and length-based heuristics. We show that this approach outperforms state-of-the-art algorithms in our alignment task, and that this improvement in alignment quality translates into better SMT performance. Furthermore, we show that even length-based alignment algorithms profit from having a machine translation as a point of comparison.}
}
@article{nather2005n,
  title={N-gram based Text Categorization},
  author={N{\'a}ther, Peter},
  journal={Lomonosov Moscow State Univ},
  year={2005}
}

@article{padro2004comparing,
  title={Comparing methods for language identification},
  author={Padr{\'o}, Muntsa and Padr{\'o}, Llu{\i}s},
  journal={Procesamiento del lenguaje natural},
  volume={33},
  pages={155--162},
  year={2004}
}
@INPROCEEDINGS{Cavnar94n-gram-basedtext,
    author = {William B. Cavnar and John M. Trenkle},
    title = {N-Gram-Based Text Categorization},
    booktitle = {In Proceedings of SDAIR-94, 3rd Annual Symposium on Document Analysis and Information Retrieval},
    year = {1994},
    pages = {161--175}
}
@misc{臺灣言語工具,
  author = {薛丞宏},
  title = {臺灣言語工具},
  year = {2014},
  publisher = {GitHub},
  journal = {GitHub repository},
  url = {https://github.com/sih4sing5hong5/tai5_uan5_gian5_gi2_kang1_ku7},
}
@misc{翻譯研究,
  author = {薛丞宏},
  title = {翻譯研究},
  year = {2014},
  publisher = {GitHub},
  journal = {GitHub repository},
  url = {https://github.com/sih4sing5hong5/huan1-ik8_gian5-kiu3},
}

@manual{iCorpus臺華平行新聞語料庫, 
    title = {iCorpus臺華平行新聞語料庫}, 
    author = {陳孟彰, 何澤政}, 
    year = {2014}, 
    url = {http://icorpus.iis.sinica.edu.tw/}, 
   }
@manual{台華線頂辭典, 
    title = {台華線頂辭典}, 
    author = {楊允言}, 
    url = {http://ip194097.ntcu.edu.tw/iug/Ungian/SoannTeng/chil/Taihoa.asp}, 
   }
@manual{教育部臺灣閩南語常用詞辭典, 
    title = {臺灣閩南語常用詞辭典}, 
    author = {教育部}, 
    url = {http://twblg.dict.edu.tw/}, 
   }
@manual{台語文數位典藏資料庫, 
    title = {台語文數位典藏資料庫}, 
    url = {http://xdcm.nmtl.gov.tw/dadwt/pbk.asp}, 
   }
@manual{TGB通訊, 
    title = {TGB通訊}, 
    url = {http://taioan-chouhap.myweb.hinet.net/}, 
   }
@manual{學生台灣語文促進會對1999年10月開始, 
    title = {關於TGB／關係TGB @ 台灣組合 :: 痞客邦 PIXNET ::}, 
    url = {http://taioanchouhap.pixnet.net/blog/post/32374696}, 
   }
   
   