@BOOK{閩客方言史稿,
     author    = {張光宇},
     title     = {閩客方言史稿},
     publisher = {南天書局有限公司},
     year      =  {1996},
     address   = {},
     edition   = {},
}

@BOOK{臺灣原住民史李壬癸,
     author    = {李壬癸},
     title     = {臺灣原住民史－語言篇},
     publisher = {臺灣省文獻委員會},
     year      =  {1999},
     address   = {},
     edition   = {},
}

@BOOK{ChineseNLP,
     author    = {Kam-Fai Wong, Wenji Li, Ruifeng Xu, Zheng-sheng Zhang},
     title     = {Introduction to Chinese Natural Language Processing},
     publisher = {Morgan & Claypool Publishers},
     year      =  {2010},
     address   = {},
     edition   = {},
}

@CONFERENCE{外省族群的母語與國語, 
    author = {何萬順，2008年}, 
    title = {滅絕與新生：從多語言文化看外省族群的母語與國語}, 
    booktitle = {東吳大學外國語文學院 2008 年校際學術研討會:『多語言文化-教學與研究』(2008.3.29)}, 
    year = {2008}, 
    month = {三月二十九日},  
    pages = {}, 
    location = {},
}

@MANUAL{台甲,
      title  = {甲 (單位) - 維基百科，自由的百科全書},
      author = {},
      url    = {http://zh.wikipedia.org/wiki/%E5%8F%B0%E7%94%B2},
      year   = {},
    }

@MANUAL{台灣名稱的由來,
      title  = {台灣名稱的由來},
      author = {},
      url    = {http://content.edu.tw/junior/co_tw/ch_yl/city/citaiwan.htm},
      year   = {},
    }

@MANUAL{大肚王國,
      title  = {大肚王國 - 維基百科，自由的百科全書},
      author = {},
      url    = {http://zh.wikipedia.org/wiki/%E5%A4%A7%E8%82%9A%E7%8E%8B%E5%9C%8B},
      year   = {},
    }

@MANUAL{WIKI方音符號,
      title  = {臺灣方音符號 - 維基百科，自由的百科全書},
      author = {},
      url    = {
http://zh.wikipedia.org/wiki/%E8%87%BA%E7%81%A3%E6%96%B9%E9%9F%B3%E7%AC%A6%E8%99%9F#.E5.90.84.E8.AA.9E.E8.A8.80.E4.BD.BF.E7.94.A8.E7.8B.80.E6.B3.81.E5.8F.8A.E6.8E.92.E5.88.97.E9.A0.86.E5.BA.8F}，』
}，
      year   = {},
    }
	
@MANUAL{華、台語注音符號溯源,
      title  = {華、台語注音符號溯源},
      author = {吳守禮},
      url    = {http://olddoc.tmu.edu.tw/chiaushin/marker-0.htm},
    }

@MANUAL{WIKI國際音標,
      title  = {國際音標 - 維基百科，自由的百科全書},
      author = {},
      url    = {http://zh.wikipedia.org/wiki/%E5%9C%8B%E9%9A%9B%E9%9F%B3%E6%A8%99},
    }

@MANUAL{WIKI臺灣語言音標,
      title  = {臺灣語言音標方案 - 維基百科，自由的百科全書},
      author = {},
      url    = {http://zh.wikipedia.org/wiki/%E8%87%BA%E7%81%A3%E8%AA%9E%E8%A8%80%E9%9F%B3%E6%A8%99%E6%96%B9%E6%A1%88},
      year   = {},
    }

@MANUAL{WIKI教會羅馬字,
      title  = {白話字 - 維基百科，自由的百科全書},
      author = {},
      url    = {http://zh.wikipedia.org/wiki/%E7%99%BD%E8%A9%B1%E5%AD%97},
      year   = {},
    }

@MANUAL{HTK網頁,
      title  = {HTK Speech Recognition Toolkit},
      author = {},
      url    = {http://htk.eng.cam.ac.uk/},
      year   = {},
    }
    
@MANUAL{HTS網頁,
      title  = {Home - HMM-based speech synthesis system (HTS)},
      author = {K. Tokuda, H. Zen, J. Yamagishi, T. Masuko, S. Sako, A.W. Black, and T. Nose,},
      url    = {http://hts.sp.nitech.ac.jp/},
      year   = {},
    }

@INPROCEEDINGS{Kaldi：Povey_ASRU2011,
         author = {Povey, Daniel and Ghoshal, Arnab and Boulianne, Gilles and Burget, Lukas and Glembek, Ondrej and Goel, Nagendra and Hannemann, Mirko and Motlicek, Petr and Qian, Yanmin and Schwarz, Petr and Silovsky, Jan and Stemmer, Georg and Vesely, Karel},
       keywords = {ASR, Automatic Speech Recognition, GMM, HTK, SGMM},
          month = dec,
          title = {The Kaldi Speech Recognition Toolkit},
      booktitle = {IEEE 2011 Workshop on Automatic Speech Recognition and Understanding},
           year = {2011},
      publisher = {IEEE Signal Processing Society},
       location = {Hilton Waikoloa Village, Big Island, Hawaii, US},
           note = {IEEE Catalog No.: CFP11SRW-USB},
}

@INPROCEEDINGS{CKIP論文, 
    author = {Ma, Wei-Yun and Keh-Jiann Chen}, 
    title = {Introduction to {CKIP} Chinese Word Segmentation System for the First International Chinese Word Segmentation Bakeoff}, 
    booktitle = {Proceedings of ACL, Second SIGHAN Workshop on Chinese Language Processing}, 
    year = {2003}, 
    pages = {168-171}, 
    location = {Florida, USA},
}



@ARTICLE{Biral2012Intersection, 
    author = {Francesco Biral and Roberto Lot and Stefano Rota and Marco Fontana and V\'{e}ronique Huth}, 
    title = {Intersection Support System for Powered Two-Wheeled Vehicles: Threat Assessment Based on a Receding Horizon Approach}, 
    journal = {IEEE Transactions on Intelligent Transportation Systems}, 
    year = {2012}, 
    month = {June}, 
    volume = {13}, 
    number = {2}, 
    pages = {805-816}, 
   }


@INPROCEEDINGS{Akcelik2001SCARTS,
      author = {Rahmi Ak\c{C}elik and Mark Besley and Edward Chung}, 
      title = {An evaluation of SCATS Master Isolated control}, 
      booktitle = {Proceedings of the 19th ARRB Transport Research Conference (Transport 98)}, 
      year = {1996}, 
      month = {7-11 December},  
      pages = {1-24}, 
      location = {Vermont South, Australia},
   }
   

@TECHREPORT{Ishimaru1999Flow,
    author = {John M. Ishimaru and Mark E. Hallenbeck},
    title = {Flow evaluation design technical report},
    institution = {Washington State Department of Transportation},
    year = {1999},
    month = {March},
}

